<record><leader>00000cas a22000007a 4500</leader><controlfield tag="001">25697863</controlfield><controlfield tag="008">920423d18901uuuwyuwr ne      0    0eng d</controlfield><datafield ind1=" " ind2=" " tag="010"><subfield code="a">sn 92067019 </subfield></datafield><datafield ind1=" " ind2=" " tag="040"><subfield code="a">NVO</subfield><subfield code="b">eng</subfield><subfield code="c">NVO</subfield><subfield code="d">OCLCQ</subfield></datafield><datafield ind1=" " ind2=" " tag="042"><subfield code="a">msc</subfield></datafield><datafield ind1="0" ind2="4" tag="245"><subfield code="a">The Weston County Democrat.</subfield></datafield><datafield ind1=" " ind2=" " tag="260"><subfield code="a">Newcastle, Weston County, Wyo. :</subfield><subfield code="b">C.T. Martin</subfield></datafield><datafield ind1=" " ind2=" " tag="300"><subfield code="a">v.</subfield></datafield><datafield ind1=" " ind2=" " tag="310"><subfield code="a">Weekly</subfield></datafield><datafield ind1=" " ind2=" " tag="588"><subfield code="a">Description based on: Vol. 1, no. 3 (Apr. 28, 1890).</subfield></datafield><datafield ind1=" " ind2="4" tag="651"><subfield code="a">Newcastle (Wyo.)</subfield><subfield code="v">Newspapers.</subfield></datafield><datafield ind1=" " ind2="4" tag="651"><subfield code="a">Weston County (Wyo.)</subfield><subfield code="v">Newspapers.</subfield></datafield><datafield ind1=" " ind2=" " tag="752"><subfield code="a">United States</subfield><subfield code="b">Wyoming</subfield><subfield code="c">Weston</subfield><subfield code="d">Newcastle.</subfield></datafield></record>